@article{James2D,
 title={{X}-ray {C}ompton scattering tomography},
 author={Webber, J.},
 journal={Inverse Problems in Science and Engineering},
 volume={24},
 number={8},
 pages={1323 - 1346},
 month={November},
 year={2015}
}

@article{James3D,
 author={Webber, J. and Lionheart, W.R.B.}, 
 title={{T}hree dimensional {C}ompton scattering tomography}, 
 journal={Preprint --- arXiv},
 month={April},
 year={2017}
}

@article{Geant4Bib,
 author={Agostinelli, S. and others},
 title={{G}{E}{A}{N}{T}4 --- a simulation toolkit},
 journal={Nuclear Instruments and Methods in Physics Research Section A : Accelerators, Spectrometers, Detectors and Associated Equipment},
 volume={506},
 number={3},
 pages={250 - 303},
 year={July 2003}
}

@article{Root,
 author={Antcheva, I. and others},
 title={{R}{O}{O}{T} --- A {C}++ framework for petabyte data storage, statistical analysis and vizualization},
 journal={Computer Physics Communications},
 volume={180},
 number={12},
 pages={2499 - 2512},
 year={December 2009}
}